<?xml version="1.0" encoding="UTF-8"?><collection xmlns="http://www.loc.gov/MARC21/slim"><record><leader>00353nam--2200121-i-4500</leader><controlfield tag="001">000026692</controlfield><controlfield tag="002">20161230</controlfield><controlfield tag="005">20161230201036</controlfield><controlfield tag="008">060222s1000------------r-----000-0-eng-d</controlfield><datafield ind1=" " ind2=" " tag="100"><subfield code="a">Klein, A., Kerman, A.K</subfield></datafield><datafield ind1=" " ind2=" " tag="245"><subfield code="a">Theory of collective motion in finite many particle systems</subfield></datafield><datafield ind1=" " ind2=" " tag="260"><subfield code="a">/Washington, U.S.Atomic Energy Commis., 1964/, 20p</subfield></datafield><datafield ind1=" " ind2=" " tag="852"><subfield code="a">19831</subfield></datafield></record></collection>